<?xml version="1.0" encoding="UTF-8"?><collection xmlns="http://www.loc.gov/MARC21/slim"><record><leader>00344nam--2200121-i-4500</leader><controlfield tag="001">000035138</controlfield><controlfield tag="002">20161230</controlfield><controlfield tag="005">20161230201040</controlfield><controlfield tag="008">060222s1000------------r-----000-0-eng-d</controlfield><datafield ind1=" " ind2=" " tag="080"><subfield code="a">061.62(4)</subfield></datafield><datafield ind1=" " ind2=" " tag="245"><subfield code="a">Organisation europeenne pour la recherche nucleaire: rapport anuuel: 1966</subfield></datafield><datafield ind1=" " ind2=" " tag="260"><subfield code="a">Geneva, Cern, 1957</subfield></datafield><datafield ind1=" " ind2=" " tag="852"><subfield code="a">539.1(047:4):001.891(047.1)</subfield></datafield></record></collection>